<?xml version="1.0" encoding="UTF-8"?><record xmlns="http://www.loc.gov/MARC21/slim" xmlns:cinclude="http://apache.org/cocoon/include/1.0" xmlns:zs="http://www.loc.gov/zing/srw/">
  <leader>00428nz  a2200133n  4500</leader>
  <controlfield tag="001">nb2002045533</controlfield>
  <controlfield tag="003">DLC</controlfield>
  <controlfield tag="005">20020518063112.0</controlfield>
  <controlfield tag="008">020517n| acannaabn          |a aaa      </controlfield>
  <datafield tag="010" ind1=" " ind2=" ">
    <subfield code="a">nb2002045533</subfield>
  </datafield>
  <datafield tag="040" ind1=" " ind2=" ">
    <subfield code="a">Uk</subfield>
    <subfield code="b">eng</subfield>
    <subfield code="c">Uk</subfield>
  </datafield>
  <datafield tag="100" ind1="1" ind2="0">
    <subfield code="a">Kraayeveld, Johannes,</subfield>
    <subfield code="d">1962-</subfield>
  </datafield>
  <datafield tag="400" ind1="1" ind2="0">
    <subfield code="a">Kraayeveld, Hans,</subfield>
    <subfield code="d">1962-</subfield>
  </datafield>
  <datafield tag="670" ind1=" " ind2=" ">
    <subfield code="a">Idiosyncrasy in prosody, 1997:</subfield>
    <subfield code="b">t.p. (Johannes Kraayeveld; born 8 July 1962 in Dordrecht) front cover (Hans Kraayeveld)</subfield>
  </datafield>
</record>